03300000        2061519666000145000000000012345                         CASTANHEIRO PATRIMONIAL EIRELIBANCO SANTANDER                         115012021      000001040                                                                          
03300011R01  030 2061519666000145                    000000000012345     CASTANHEIRO PATRIMONIAL EIRELI                                                                                0000000115012021                                         
0330001300001P 013986001300048220130004822  0000000000019511  1              0507201800000000002360000000 02N150120213000000000000000000000000000000000000000000000000000000000000000000000000000001                        000109000           
0330001300002Q 011000040329543765JOSE MELO REGO                          AV ALFA QUADRA 15 CASA 29               PARQUE ATHENAS 65073300SAO LUIS       MA0000000000000000                                        000000000000                   
0330001300003R 01000000000000000000000000                        300000000000000000000000                                                                                                                                                       
0330001300004S 012MENSAGEM 01                             MENSAGEM 02                             MENSAGEM 03                             MENSAGEM 04                             MENSAGEM 05                                                   
0330001300005P 013986001300048220130004822  0000002037998511  0203799        1007201800000000002340000000 02N150120213000000000000000000000000000000000000000000000000000000000000000000000000000002                        000109000           
0330001300006Q 011000040329543766ANTONIO DA PA VIRADA                    RUA SOUSA LIMA 36                       PLANALTO DA PIP65073300SAO LUIS       MA0000000000000000                                        000000000000                   
0330001300007R 01000000000000000000000000                        000000000000000000000000                                                                                                                                                       
0330001300008S 012MENSAGEM 01                             MENSAGEM 02                             MENSAGEM 03                             MENSAGEM 04                             MENSAGEM 05                                                   
0330001300009P 013986001300048220130004822  0000000203807511  020380         1507201800000000002370000000 02N150120213000000000000000000000000000000000000000000000000000000000000000000000000000000                        000109000           
0330001300010Q 011000040329543766ASTROGILDA NEVES DA COSTA REIS          RUA DAS MANGABEIRAS, 987                RECANTO DOS NOB65073300SAO LUIS       MA0000000000000000                                        000000000000                   
0330001300011R 01000000000000000000000000                        000000000000000000000000                                                                                                                                                       
0330001300012S 012MENSAGEM 01                             MENSAGEM 02                             MENSAGEM 03                             MENSAGEM 04                             MENSAGEM 05                                                   
03300015         000014                                                                                                                                                                                                                         
03399999         000001000016                                                                                                                                                                                                                   
