03300000        2061519666000145398600004079213                         CASTANHEIRO PATRIMONIAL EIRELIBANCO SANTANDER                         128012021      000001040                                                                          
03300011R01  030 2061519666000145                    398600004079213     CASTANHEIRO PATRIMONIAL EIRELI                                                                                0000000128012021                                         
0330001300001P 013986001300048220130004820  0000000053813511  5381           1010201900000000000000000000 02N280120213000000000000000000000000000000000000000000000000000000000000000000000000000005381                     000109000           
0330001300002Q 011000016682545819ANDRE CORAZIM                           RUA ONZE DE JUNHO 15                    JARDIM CANHEMA 09941630DIADEMA        SP0000000000000000                                        000000000000                   
0330001300003R 01000000000000000000000000                        000000000000000000000000                                                                                                                                                       
0330001300004S 012MENSAGEM 01                             MENSAGEM 02                             MENSAGEM 03                                                                                                                                   
03300015         000006                                                                                                                                                                                                                         
03399999         000001000008                                                                                                                                                                                                                   
