03300000        2061519666000145000000000012345                         CASTANHEIRO PATRIMONIAL EIRELIBANCO SANTANDER                         118012021      000001040                                                                          
03300011R01  030 2061519666000145                    000000000012345     CASTANHEIRO PATRIMONIAL EIRELI                                                                                0000000118012021                                         
0330001300001P 013986001300048220130004822  0000000000086511  8              30/01/2021000000001200,0000000 02N180120213000000000000000000000000000000000000000000000000000000000000000000000000000008                        000109000           
0330001300002Q 011000016682545819ANDRE CORAZIM                           RUA ONZE DE JUNHO 15                    JARDIM CANHEMA 09941630DIADEMA        SP0000000000000000                                        000000000000                   
0330001300003R 01000000000000000000000000                        300000000000000000000000                                                                                                                                                       
0330001300004S 012MENSAGEM 01                             MENSAGEM 02                             MENSAGEM 03                             MENSAGEM 04                             MENSAGEM 05                                                   
03300015         000006                                                                                                                                                                                                                         
03399999         000001000008                                                                                                                                                                                                                   
