03300000        2061519666000145398600004079213                         CASTANHEIRO PATRIMONIAL EIRELIBANCO SANTANDER                         123082021      000001040                                                                          
03300011R01  030 2061519666000145                    398600004079213     CASTANHEIRO PATRIMONIAL EIRELI                                                                                0000000123082021                                         
0330001300001P 013986001300048220130004820  0000000000132511  13             0509202100000000000000000000 02N2308202130000000000000000000000000000000000000000000000000000000000000000000000000000013                       000109000           
0330001300002Q 011000023793146839YANFANG WU                              RUA PAULA SOUSA                         CENTRO         00102001SAO PAULO      SP0000000000000000                                        000000000000                   
0330001300003R 01000000000000000000000000                        000000000000000000000000                                                                                                                                                       
0330001300004S 012MENSAGEM 01                             MENSAGEM 02                             MENSAGEM 03                                                                                                                                   
0330001300005P 013986001300048220130004820  0000000000132511  13             0509202100000000000000000000 02N2308202130000000000000000000000000000000000000000000000000000000000000000000000000000013                       000109000           
0330001300006Q 011000023793146839YANFANG WU                              RUA PAULA SOUSA                         CENTRO         00102001SAO PAULO      SP0000000000000000                                        000000000000                   
0330001300007R 01000000000000000000000000                        000000000000000000000000                                                                                                                                                       
0330001300008S 012MENSAGEM 01                             MENSAGEM 02                             MENSAGEM 03                                                                                                                                   
0330001300009P 013986001300048220130004820  0000000000132511  13             0509202100000000000000000000 02N2308202130000000000000000000000000000000000000000000000000000000000000000000000000000013                       000109000           
0330001300010Q 011000023793146839YANFANG WU                              RUA PAULA SOUSA                         CENTRO         00102001SAO PAULO      SP0000000000000000                                        000000000000                   
0330001300011R 01000000000000000000000000                        000000000000000000000000                                                                                                                                                       
0330001300012S 012MENSAGEM 01                             MENSAGEM 02                             MENSAGEM 03                                                                                                                                   
03300015         000014                                                                                                                                                                                                                         
03399999         000001000016                                                                                                                                                                                                                   
