03300000        2061519666000145398600004079213                         CASTANHEIRO PATRIMONIAL EIRELIBANCO SANTANDER                         126102021      000001040                                                                          
03300011R01  030 2061519666000145                    398600004079213     CASTANHEIRO PATRIMONIAL EIRELI                                                                                0000000126102021                                         
0330001300001P 013986001300048220130004820  0000003986403511  398640         0510202100000000016475000000 02N26102021300000000000000000000000000000000000000000000000000000000000000000000000000000398640                   000103000           
0330001300002Q 011000023793146839YANFANG WU                              RUA PAULA SOUSA                         CENTRO         00102001SAO PAULO      SP0000000000000000                                        000000000000                   
0330001300003R 01000000000000000000000000                        000000000000000000000000                                                                                                                                                       
0330001300004S 012MENSAGEM 01                             MENSAGEM 02                             MENSAGEM 03                                                                                                                                   
03300015         000006                                                                                                                                                                                                                         
03399999         000001000008                                                                                                                                                                                                                   
